@inproceedings{SMBK:SECRYPT13,
   author              = {G. Sarwar and
                          O. Mehani and
                          R. Boreli and
                          M. A. Kâafar},
   title               = {On the Effectiveness of Dynamic Taint Analysis for Protecting against Private Information Leaks on Android-based Devices},
   booktitle           = {SECRYPT},
   year                = {2013},
   pages               = {461-468}
}

@inproceedings{LJ:SEC13,
 author = {B. Livshits and J. Jung},
 title = {Automatic Mediation of Privacy-sensitive Resource Access in Smartphone Applications},
 booktitle = {USENIX Security},
 year = {2013},
 pages = {113--130}
}


@inproceedings {SDW:SEC12,
author = {S. Shekhar and M. Dietz and D. S. Wallach},
title = {AdSplit: Separating Smartphone Advertising from Applications},
booktitle = {USENIX Security},
year = {2012},
pages = {553-567}
}

@inproceedings{EOMC:SEC11,
 author = {W. Enck and D. Octeau and P. McDaniel and S. Chaudhuri},
 title = {A Study of Android Application Security},
 booktitle = {USENIX Security},
 year = {2011},
 pages = {21--21}
}

@inproceedings{PS:BIS07,
 author = {J. Piskorski and M. Sydow},
 title = {String Distance Metrics for Reference Matching and Search Query Correction},
 booktitle = {BIS},
 year = {2007},
 pages = {353--365}
}

@inproceedings{CFGW:MOBISYS11,
  author    = {E. Chin and
               A. P. Felt and
               K. Greenwood and
               D. Wagner},
  title     = {Analyzing inter-application communication in Android},
  booktitle = {MobiSys},
  year      = {2011},
  pages     = {239-252}
}

@inproceedings{GPTDTB:ISSTA11,
  author    = {S. Guarnieri and
               M. Pistoia and
               O. Tripp and
               J. Dolby and
               S. Teilhet and
               R. Berg},
  title     = {Saving the world wide web from vulnerable JavaScript},
    booktitle = {ISSTA},
  year      = {2011},
  pages     = {177-187}
}

@inproceedings{TPFSW:PLDI09,
  author    = {O. Tripp and
               M. Pistoia and
               S. J. Fink and
               M. Sridharan and
               O. Weisman},
  title     = {TAJ: effective taint analysis of web applications},
  booktitle = {PLDI},
  year      = {2009},
  pages     = {87-97}
}

@inproceedings{TPCCG:FASE13,
  author    = {O. Tripp and
               M. Pistoia and
               P. Cousot and
               R. Cousot and
               S. Guarnieri},
  title     = {Andromeda: Accurate and Scalable Security Analysis of Web
               Applications},
booktitle = {FASE},
  year      = {2013},
  pages     = {210-225}
}

@inproceedings{HMNRSKZ:ASE13,
  author    = {S. Holavanalli and
               D. Manuel and
               V. Nanjundaswamy and
               B. Rosenberg and
               F. Shen and
               S. Y. Ko and
               L. Ziarek},
  title     = {Flow Permissions for Android},
  booktitle = {ASE},
  year      = {2013},
  pages     = {652-657}
}

@inproceedings{HHJSW:CCS11,
  author    = {P. Hornyack and
               S. Han and
               J. Jung and
               S. E. Schechter and
               D. Wetherall},
  title     = {These aren't the droids you're looking for: retrofitting
               android to protect data from imperious applications},
  booktitle = {CCS},
  year      = {2011},
  pages     = {639-652},
}

@inproceedings{HHJSW:CCS11,
 author = {P. Hornyack and S. Han and J. Jung and S. Schechter and D. Wetherall},
 title = {These aren't the droids you're looking for: retrofitting android to protect data from imperious applications},
 booktitle = {CCS},
 year = {2011},
 pages = {639--652}
}

@inproceedings{BLJL:PLDI11,
 author = {A. Budi and D. Lo and L. Jiang and Lucia},
 title = {kb-anonymity: a model for anonymized behaviour-preserving test and debugging data},
 booktitle = {PLDI},
 year = {2011},
 pages = {447--457}
}

@inproceedings{GZJS:SPWMN12,
 author = {M. C. Grace and W. Zhou and X. Jiang and A. Sadeghi},
 title = {Unsafe exposure analysis of mobile in-app advertisements},
 booktitle = {WiSec},
 year = {2012},
 pages = {101--112}
}

@inproceedings{RCE:CODASPY13,
 author = {V. Rastogi and Y. Chen and W. Enck},
 title = {AppsPlayground: automatic security analysis of smartphone applications},
 booktitle = {CODAPSY},
 year = {2013},
 pages = {209--220}
}

@InProceedings{EKKV:NDSS11,
  author = 	 {M. Egele and C. Kruegel and E. Kirda and G. Vigna},
  title = 	 {{PiOS: Detecting Privacy Leaks in iOS Applications}},
  booktitle = {NDSS},
  year = 	 2011
 }

@inproceedings{GCCC:CSS12,
 author = {M. Graa and N. Cuppens-Boulahia and F. Cuppens and A. Cavalli},
 title = {Detecting control flow in smarphones: combining static and dynamic analyses},
 booktitle = {CSS},
 year = {2012},
 pages = {33--47}
}

@inproceedings{WCGHHJSW:HOTOS13,
 author = {D. Wetherall and D. Choffnes and B. Greenstein and S. Han and P. Hornyack and J. Jung and S. Schechter and X. Wang},
 title = {Privacy revelations for web and mobile apps},
 booktitle = {HotOS},
  year = {2011},
  pages = {21--21}
}

@inproceedings{SPKS:WISTP12,
 author = {D. Schreckling and J. Posegga and J. K\"{o}stler and M. Schaff},
 title = {Kynoid: real-time enforcement of fine-grained, user-defined, and data-centric security policies for android},
 booktitle = {WISTP},
 year = {2012},
 pages = {208--223}
}

@inproceedings{RCE:CODAPSY13,
 author = {V. Rastogi and Y. Chen and W. Enck},
 title = {AppsPlayground: automatic security analysis of smartphone applications},
 booktitle = {Proceedings of the third ACM conference on Data and application security and privacy},
 year = {2013},
 pages = {209--220}
}

@inproceedings{JHW:SPSM12,
 author = {J. Jung and S. Han and D. Wetherall},
 title = {Short paper: enhancing mobile application permissions with runtime feedback and constraints},
 booktitle = {SPSM},
 year = {2012},
 pages = {45--50}
}


@inproceedings{NS:NDSS05,
  author    = {J. Newsome and
               D. X. Song},
  title     = {Dynamic Taint Analysis for Automatic Detection, Analysis,
               and Signature Generation of Exploits on Commodity Software},
  booktitle = {NDSS},
  year      = {2005}
}

@inproceedings{MPL:SRE:04,
 author = {W. Masri and A. Podgurski and D. Leon},
 title = {Detecting and Debugging Insecure Information Flows},
 booktitle = {Proceedings of the 15th International Symposium on Software Reliability Engineering},
 year = {2004},
 pages = {198--209}
}

@inproceedings{TPT:ISSTA11,
  author    = {T. Tateishi and M. Pistoia and O. Tripp},
  title     = {Path- and index-sensitive string analysis based on monadic second-order logic},
  booktitle = {ISSTA},
  year      = {2011},
  pages     = {166-176}
}

@article{WF:JACM74,
 author = {R. A. Wagner and M. J. Fischer},
 title = {The String-to-String Correction Problem},
 journal = {J. ACM},
 volume = {21},
 number = {1},
 year = {1974},
 pages = {168--173}
}

@article{F:CJ74,
  author    = {J. S. Fenton},
  title     = {Memoryless Subsystems},
  journal   = {Comput. J.},
  volume    = {17},
  number    = {2},
  year      = {1974},
  pages     = {143-147}
}

@inproceedings{CSL:CCS08,
 author = {W. Chang and B. Streiff and C. Lin},
 title = {Efficient and extensible security enforcement using dynamic data flow analysis},
 booktitle = {CCS},
 year = {2008},
 pages = {39--50}
}

@inproceedings{YYZGNW:CCS13,
 author = {Z. Yang and M. Yang and Y. Zhang and G. Gu and P. Ning and X. S. Wang},
 title = {AppIntent: analyzing sensitive data transmission in android for privacy leakage detection},
 booktitle = {CCS},
 year = {2013},
 pages = {1043--1054}
}

@inproceedings{EGCCJMS:OSDI10,
 author = {W. Enck and P. Gilbert and B. Chun and L. P. Cox and J. Jung and P. McDaniel and A. N. Sheth},
 title = {TaintDroid: an information-flow tracking system for realtime privacy monitoring on smartphones},
 booktitle = {OSDI},
 year = {2010},
 pages = {1--6}
}

@inproceedings{TPFSW:PLDI09,
 author = {O. Tripp and M. Pistoia and S. J. Fink and M. Sridharan and O. Weisman},
 title = {TAJ: effective taint analysis of web applications},
 booktitle = {PLDI},
 year = {2009},
 pages = {87--97}
}

@article{N:ACS01,
 author = {G. Navarro},
 title = {A guided tour to approximate string matching},
 journal = {ACM Comput. Surv.},
 volume = {33},
 number = {1},
 year = {2001},
 pages = {31--88}
}

@book{G:BOOK97,
 author = {D. Gusfield},
 title = {Algorithms on strings, trees, and sequences: computer science and computational biology},
 year = {1997},
 publisher = {Cambridge University Press}
}

@inproceedings{BKR:SP09,
 author = {M. Backes and B. Kopf and A. Rybalchenko},
 title = {Automatic Discovery and Quantification of Information Leaks},
 booktitle = {S\&P},
 year = {2009},
 pages = {141--153}
}

@inproceedings{L:CSFW02,
 author = {G. Lowe},
 title = {Quantifying Information Flow},
 booktitle = {CSFW},
 year = {2002},
 pages = {18--31}
}

@inproceedings{NMS:PLAS09,
 author = {J. Newsome and S. McCamant and D. Song},
 title = {Measuring channel capacity to distinguish undue influence},
 booktitle = {PLAS},
 year = {2009},
 pages = {73--85}
}

@inproceedings{CLO:ISSTA07,
  author = {J. A. Clause and W. Li and A. Orso},
  title     = {Dytan: a generic dynamic taint analysis framework},
  booktitle = {ISSTA},
  year      = {2007},
  pages     = {196-206}
}

@article{SM:SAC03,
  author    = {A. Sabelfeld and A. C. Myers},
  title     = {Language-based information-flow security},
  journal   = {IEEE Journal on Selected Areas in Communications},
  volume    = {21},
  number    = {1},
  year      = {2003},
  pages     = {5-19}
}


@inproceedings{KGJE:ICSE09,
  author    = {A. Kiezun and P. J. Guo and K. Jayaraman and M. D. Ernst},
  title     = {Automatic creation of SQL Injection and cross-site scripting attacks},
  booktitle = {ICSE},
  year      = {2009},
  pages     = {199-209}
}

@inproceedings{ME:PLDI08,
 author = {S. McCamant and M. D. Ernst},
 title = {Quantitative information flow as network flow capacity},
 booktitle = {PLDI},
 year = {2008},
 pages = {193--205}
}

@inproceedingst{FARBBKTOM:PLDI14,
	AUTHOR =        {C. Fritz and S. Arzt, and S. Rasthofer and E. Bodden and A. Bartel and J. Klein and Y. Traon and D. Octeau and P. McDaniel},
  	TITLE =         {FlowDroid: Precise Context, Flow, Field, Object-sensitive and Lifecycle-aware Taint Analysis for Android Apps},
  	booktitle = {PLDI},
	year = {2014}
}

@Article{Welch:1947,
  Title                    = {The Generalization of Student's Problem when Several Different Population Variances are Involved},
  Author                   = {Welch, Bernard L},
  Journal                  = {Biometrika},
  Year                     = {1947},
  Number                   = {1--2},
  Pages                    = {28--35},
  Volume                   = {34}
}

@InProceedings{Curtsinger:Livshits:Zorn:Seifert:2011,
  Title                    = {ZOZZLE: Fast and Precise In-Browser JavaScript Malware Detection},
  Author                   = {Charlie Curtsinger and Benjamin Livshits and Benjamin G. Zorn and Christian Seifert},
  Booktitle                = {USENIX Security},
  Year                     = {2011},
  Pages                    = {33-48}
}
@InProceedings{Pelizzi:Sekar:2012,
  Title                    = {Protection, Usability and Improvements in Reflected XSS Filters},
  Author                   = {Riccardo Pelizzi and R. Sekar},
  Booktitle                = {ASIACCS},
  Year                     = {2012},
  Pages                    = {5-5}
}
@InProceedings{Sekar:2009,
  Title                    = {An Efficient Black-box Technique for Defeating Web Application Attacks},
  Author                   = {R. Sekar},
  Booktitle                = {NDSS},
  Year                     = {2009}
}
